@Book{xie2015,
  title = {Dynamic Documents with {R} and knitr},
  author = {Yihui Xie},
  publisher = {Chapman and Hall/CRC},
  address = {Boca Raton, Florida},
  year = {2015},
  edition = {2nd},
  note = {ISBN 978-1498716963},
  url = {http://yihui.name/knitr/},
}

@Book{wilke_2019,
  place={Sebastopol, CA},
  title={Fundamentals of data visualization: a primer on making informative and compelling figures},
  publisher={OReilly Media},
  author={Wilke, C.},
  year={2019}
}

@Book{james_witten_hastie_tibshirani_2017,
  place={New York},
  title={An introduction to statistical learning with applications in R},
  publisher={Springer},
  author={James, Gareth and Witten, Daniela and Hastie, Trevor and Tibshirani, Robert},
  year={2017}
}

@article{wilson_bryan_cranston_kitzes_nederbragt_teal_2017,
  title={Good enough practices in scientific computing},
  volume={13},
  DOI={10.1371/journal.pcbi.1005510},
  number={6}, journal={PLOS Computational Biology},
  author={Wilson, Greg and Bryan, Jennifer and Cranston, Karen and Kitzes, Justin and Nederbragt, Lex and Teal, Tracy K.},
  year={2017}
}

@article{parker_2017,
  title={Opinionated analysis development},
  DOI={10.7287/peerj.preprints.3210v1},
  author={Parker, Hilary},
  year={2017}
}

@misc{hicks2019evaluating,
      title={Evaluating the Success of a Data Analysis},
      author={Stephanie C. Hicks and Roger D. Peng},
      year={2019},
      eprint={1904.11907},
      archivePrefix={arXiv},
      primaryClass={stat.OT}
}

@misc{bassa_2017,
  title={Data Alone Isnâ€™t Ground Truth},
  url={https://medium.com/@angebassa/data-alone-isnt-ground-truth-9e733079dfd4},
  journal={Blog},
  publisher={Medium},
  author={Bassa, Angela},
  year={2017},
  month={Aug}}

@book{ziliak_mccloskey,
 ISBN = {9780472070077},
 URL = {http://www.jstor.org/stable/10.3998/mpub.186351},
 author = {Stephen T. Ziliak and Deirdre N. McCloskey},
 publisher = {University of Michigan Press},
 title = {The Cult of Statistical Significance: How the Standard Error Costs Us Jobs, Justice, and Lives},
 year = {2008}
}

@article{wickham_tidy,
   author = {Hadley  Wickham},
   title = {Tidy Data},
   journal = {Journal of Statistical Software, Articles},
   volume = {59},
   number = {10},
   year = {2014},
   keywords = {},
   issn = {1548-7660},
   pages = {1--23},
   doi = {10.18637/jss.v059.i10},
   url = {https://www.jstatsoft.org/v059/i10}
}

@article{dmitriev_gupta_kim_vaz_2017,
    title={A Dirty Dozen},
    DOI={10.1145/3097983.3098024},
    journal={Proceedings of the 23rd ACM SIGKDD International Conference on Knowledge Discovery and Data Mining},
    author={Dmitriev, Pavel and Gupta, Somit and Kim, Dong Woo and Vaz, Garnet},
    year={2017}
    }

@misc{taylor_2020,
    title={Designing and evaluating metrics},
    url={https://medium.com/@seanjtaylor/designing-and-evaluating-metrics-5902ad6873bf},
    journal={Sean J Taylor Blog},
    publisher={Medium},
    author={Taylor, Sean J},
    year={2020},
    month={May}
}

@article{barrett,
    title={How a 'NULL' License Plate Landed One Hacker in Ticket Hell},
    url={https://www.wired.com/story/null-license-plate-landed-one-hacker-ticket-hell/},
    journal={WIRED},
    author={Barrett, Brian},
    year={2019},
    month={Aug},
    day={13}
    }

@article{murray2020,
    Author = {Murray, Eleanor J.},
    Title = {Epidemiology's Time of Need: COVID-19 Calls for Epidemic-Related Economics},
    Journal = {Journal of Economic Perspectives},
    Volume = {34},
    Number = {4},
    Year = {2020},
    Month = {November},
    Pages = {105-20},
    DOI = {10.1257/jep.34.4.105},
    URL = {https://www.aeaweb.org/articles?id=10.1257/jep.34.4.105}
    }

@article{GIGERENZER2004587,
    title = "Mindless statistics",
    journal = "The Journal of Socio-Economics",
    volume = "33",
    number = "5",
    pages = "587 - 606",
    year = {2004},
    note = "Statistical Significance",
    issn = "1053-5357",
    doi = "https://doi.org/10.1016/j.socec.2004.09.033",
    url = "http://www.sciencedirect.com/science/article/pii/S1053535704000927",
    author = "Gerd Gigerenzer"
}

@article{dama,
  title = "Six Dimensions of Data Quality Assessment",
  year = {2020},
  journal = "DAMA UK Working Group",
  url = "http://www.dama-nl.org/wp-content/uploads/2020/09/DDQ-Dimensions-of-Data-Quality-Research-Paper-version-1.2-d.d.-3-Sept-2020.pdf"
}

@inbook{datasaurus,
author = {Matejka, Justin and Fitzmaurice, George},
title = {Same Stats, Different Graphs: Generating Datasets with Varied Appearance and Identical Statistics through Simulated Annealing},
year = {2017},
isbn = {9781450346559},
publisher = {Association for Computing Machinery},
address = {New York, NY, USA},
url = {https://doi.org/10.1145/3025453.3025912},
numpages = {5}
}

@article{indy_rates, title={How an error in the calculation of Indiana's positivity rate may affect you}, url={https://www.indystar.com/story/news/health/2020/12/23/covid-indiana-positivity-rate-error-corrected-dec-30/4013741001/}, journal={Indianapolis Star}, author={May, Ethan}, year={2020}, month={Dec}}

@article{borunda_2020, title={El Paso officials admit massive COVID-19 spike of 3,100 new cases was error}, url={https://www.elpasotimes.com/story/news/health/2020/11/05/coronavirus-update-el-paso-covid-19-restrictions-shutdowns-curfew/6174493002/}, journal={El Paso Times}, author={Borunda, Daniel}, year={2020}, month={Nov}}

@article{bbc_north_west_2021, title={Covid: Man offered vaccine after error lists him as 6.2cm tall}, url={https://www.bbc.com/news/uk-england-merseyside-56111209}, journal={BBC North West}, year={2021}, month={Feb}}
